% REST API
@book{restful,
  title={RESTful web services},
  author={Richardson, Leonard and Ruby, Sam},
  year={2008},
  publisher={O'Reilly Media, Inc.}
}

% BLE
@article{ble,
  title={Overview and evaluation of bluetooth low energy: An emerging low-power wireless technology},
  author={Gomez, Carles and Oller, Joaquim and Paradells, Josep},
  journal={Sensors},
  volume={12},
  number={9},
  pages={11734--11753},
  year={2012},
  publisher={Molecular Diversity Preservation International}
}

% -> BLE Beacons applications
@inproceedings{bluesentinel,
author = {Conte, Giorgio and {De Marchi}, Massimo and Nacci, Alessandro A. and Rana, Vincenzo and Sciuto, Donatella},
doi = {10.1145/2676061.2674078},
file = {:home/samuel/Documents/MEIC/papers/BlueSentinel$\backslash$: a first approach using iBeacon for an energy.pdf:pdf},
isbn = {978-1-4503-3144-9},
keywords = {beacons,bluetooth low energy,classification algorithms,detection,energy,iBeacon,ibeacon,indoor localization,occupancy,positioning systems},
mendeley-tags = {beacons,detection,energy,ibeacon,occupancy},
month = nov,
pages = {11--19},
publisher = {ACM},
title = {{BlueSentinel: a first approach using iBeacon for an energy efficient occupancy detection system}},
url = {http://dl.acm.org/citation.cfm?id=2674061.2674078},
year = {2014},
booktitle = {Proceedings of the 1st ACM Conference on Embedded Systems for Energy-Efficient Buildings}
}

@inproceedings{blueview,
address = {New York, New York, USA},
author = {Chen, Ling and Hussain, Ibrar and Chen, Ri and Huang, WeiKai and Chen, Gencai},
booktitle = {Proceedings of the 2013 ACM conference on Pervasive and ubiquitous computing adjunct publication - UbiComp '13 Adjunct},
doi = {10.1145/2494091.2494139},
file = {:home/samuel/Documents/MEIC/papers/beacons/blueview.pdf:pdf},
isbn = {9781450322157},
keywords = {accessibility,audio positioning,bluetooth,mobile device,non-speech,visually impaired},
month = sep,
pages = {143--146},
publisher = {ACM Press},
title = {{BlueView}},
url = {http://dl.acm.org/citation.cfm?id=2494091.2494139},
year = {2013}
}

% Parse.com
@incollection{parse,
  title={Introduction to Cloud Storage with Parse},
  author={Komatineni, Satya and MacLean, Dave},
  booktitle={Expert Android},
  pages={329--352},
  year={2013},
  publisher={Springer}
}

% Meteor
@book{meteor,
  title={Getting Started with Meteor JavaScript Framework},
  author={Strack, Isaac},
  year={2012},
  publisher={Packt Publishing Ltd}
}

% Websockets
@inproceedings{websockets,
 author = {Puranik, Darshan G. and Feiock, Dennis C. and Hill, James H.},
 title = {Real-Time Monitoring Using AJAX and WebSockets},
 booktitle = {Proceedings of the 20th Annual IEEE International Conference and Workshops on the Engineering of Computer Based Systems},
 series = {ECBS '13},
 year = {2013},
 isbn = {978-0-7695-4991-0},
 pages = {110--118},
 numpages = {9},
 url = {http://dx.doi.org/10.1109/ECBS.2013.10},
 doi = {10.1109/ECBS.2013.10},
 acmid = {2510632},
 publisher = {IEEE Computer Society},
 address = {Washington, DC, USA},
}
